@article{frautschi1982entropy,
  title={Entropy in an expanding universe},
  author={Frautschi, Steven},
  journal={Science},
  volume={217},
  number={4560},
  pages={593--599},
  year={1982},
  publisher={American Association for the Advancement of Science}
}

@article{penrose1971extraction,
  title={Extraction of rotational energy from a black hole},
  author={Penrose, Roger and Floyd, RM},
  journal={Nature Physical Science},
  volume={229},
  number={6},
  pages={177--179},
  year={1971},
  publisher={Nature Publishing Group}
}

@article{press1972floating,
  title={Floating orbits, superradiant scattering and the black-hole bomb},
  author={Press, William H and Teukolsky, Saul A},
  journal={Nature},
  volume={238},
  number={5361},
  pages={211--212},
  year={1972},
  publisher={Nature Publishing Group}
}

@article{mojzsis1996evidence,
  title={Evidence for life on Earth before 3,800 million years ago},
  author={Mojzsis, Stephen J and Arrhenius, G and McKeegan, KD and Harrison, TM and Nutman, AP and Friend, CRL},
  journal={Nature},
  volume={384},
  number={6604},
  pages={55--59},
  year={1996},
  publisher={Nature Publishing Group}
}